@ARTICLE{1,
author = {S. Mukherjee},
journal = {Computer},
title = {If Anything in This Life Is Certain, It's That You Can Kill Any ISA},
year = {2011},
volume = {44},
number = {},
pages = {87-88},
keywords={Computing and the law},
doi = {10.1109/MC.2011.345},
URL = {doi.ieeecomputersociety.org/10.1109/MC.2011.345},
ISSN = {0018-9162},
month={11}
}

@article{10.2307/29774812,
 ISSN = {00030996},
 URL = {http://www.jstor.org/stable/29774812},
 author = {Peter J. Denning},
 journal = {American Scientist},
 number = {1},
 pages = {7--10},
 publisher = {Sigma Xi, The Scientific Research Society},
 title = {The Science of Computing: RISC Architecture},
 volume = {81},
 year = {1993}
}

@ARTICLE{8326740, 
author={X. Chen and Z. Yu}, 
journal={IEEE Transactions on Very Large Scale Integration (VLSI) Systems}, 
title={A Flexible and Energy-Efficient Convolutional Neural Network Acceleration With Dedicated ISA and Accelerator}, 
year={2018}, 
volume={26}, 
number={7}, 
pages={1408-1412}, 
keywords={adders;convolution;feedforward neural nets;instruction sets;microprocessor chips;parallel architectures;power consumption;trees (mathematics);data transfer;parallel computation;data reuse parameters;ISA;code density;power consumption;CNN;energy efficiency;convolutional neural networks acceleration;instruction set architecture;complex controller;hardwares computation;storage resources;adder trees;instruction parameters;Data transfer;Hardware;Engines;Registers;Convolution;Adders;Acceleration;Accelerator;convolutional neural network (CNN);data reuse;energy efficiency;flexibility;instruction set architecture (ISA);parallel computation}, 
doi={10.1109/TVLSI.2018.2810831}, 
ISSN={1063-8210}, 
month={July},
}

@article{unknown,
author = {Kumar, Dilip and Singh, Kirat},
year = {2012},
month = {04},
pages = {},
title = {Design of High performance MIPS-32 Pipeline Processor},
doi = {10.13140/RG.2.1.4883.6567}
}


